<record><leader>00000cas a22000007a 4500</leader><controlfield tag="001">12207374</controlfield><controlfield tag="008">850627d18701875iluuu ne      0    0eng d</controlfield><datafield ind1=" " ind2=" " tag="010"><subfield code="a">sn 85033723 </subfield></datafield><datafield ind1=" " ind2=" " tag="040"><subfield code="a">NPU</subfield><subfield code="b">eng</subfield><subfield code="c">NPU</subfield><subfield code="d">OCLCQ</subfield></datafield><datafield ind1=" " ind2=" " tag="042"><subfield code="a">msc</subfield></datafield><datafield ind1="0" ind2=" " tag="130"><subfield code="a">Locomotive (Greenfield, Ill. : 1870)</subfield></datafield><datafield ind1="1" ind2="4" tag="245"><subfield code="a">The Locomotive.</subfield></datafield><datafield ind1=" " ind2=" " tag="260"><subfield code="a">Greenfield, Ill. :</subfield><subfield code="b">W.E. Milton</subfield></datafield><datafield ind1=" " ind2=" " tag="300"><subfield code="a">v. ;</subfield><subfield code="c">56 cm.</subfield></datafield><datafield ind1="1" ind2=" " tag="362"><subfield code="a">Began in 1870; ceased in 1875.</subfield><subfield code="z">Cf. Scott, F.W. Newspapers and periodicals of Illinois, 1814-1879.</subfield></datafield><datafield ind1=" " ind2=" " tag="500"><subfield code="a">"A journal for the people-independent, fearless, and outspoken in all things."</subfield></datafield><datafield ind1=" " ind2=" " tag="588"><subfield code="a">Description based on: Vol. 3, no. 25 (Feb. 13, 1873).</subfield></datafield><datafield ind1=" " ind2=" " tag="752"><subfield code="a">United States</subfield><subfield code="b">Illinois</subfield><subfield code="c">Greene</subfield><subfield code="d">Greenfield.</subfield></datafield></record>